@inproceedings{setbased,
  author   = {Yannis Smaragdakis and George Balatsouras and George Kastrinis},
  title    = {Set-Based Pre-Processing for Points-To Analysis},
  crossref = {oopsla:2013},
  pages    = {253--270},
  ee       = {http://doi.acm.org/10.1145/2509136.2509524},
}

@inproceedings{jphantom,
  author   = {George Balatsouras and Yannis Smaragdakis},
  title    = {Class Hierarchy Complementation:
              Soundly Completing a Partial Type Graph},
  crossref = {oopsla:2013},
  pages    = {515--532},
  ee       = {http://doi.acm.org/10.1145/2509136.2509530},
}
